<Doc xmlns:gs2="http://www.greenstone.org/gs2" file="HASH7c57\5f57a57c\fb45ab00.dir\doc.xml"  gs2:docOID="HASH7c575f57a57cfb45ab0033s3" gs2:mode="add">

<Sec  gs2:docOID="HASH7c575f57a57cfb45ab0033s3" gs2:mode="add">
&lt;pre&gt;
 LDR 01133ncm  2200301 a 4500
001     5687935
005     19930908113309.4
008     930823s1993    enkrca   a     n    eng  
035    _9 (DLC)   93722302
906    _a 7
       _b cbc
       _c orignew
       _d 2
       _e ncip
       _f 19
       _g y-genmusic
010    _a    93722302 
020    _a 071193293X (England)
020    _a 0793518326 (U.S.)
028 32 _a NO90548
       _b Wise Publications
028 32 _a HL00673228
       _b H. Leonard Pub. Corp.
040    _a DLC
       _c DLC
043    _a e-uk-en
050 00 _a M1741.18
       _b .B36 1993
245 04 _a The Beatles :
       _b complete scores.
260    _a London ;
       _a New York :
       _b Wise Publications ;
       _a Milwaukee, WI :
       _b Exclusive distributors for U.S.A. and Canada, H.
 Leonard Pub. Corp.,
       _c c1993.
300    _a 1 score (1136 p.) :
       _b ill. ;
       _c 27 cm.
500    _a &quot;Full transcriptions from the original recordings : every
 song written &amp; recorded by the Beatles&quot;--Cover.
500    _a Staff and tablature notation; includes chord symbols.
504    _a Discography: p. 1131-1136.
650  0 _a Rock music
       _z England.
710 2  _a Beatles.
953    _a TA28
991    _b c-Music
       _h M1741.18
       _i .B36 1993
       _t Copy 1
       _m Case
       _w MUSIC
&lt;/pre&gt;
 
</Sec>


</Doc>
